<?xml version="1.0" encoding="UTF-8"?><collection xmlns="http://www.loc.gov/MARC21/slim"><record><leader>00499nam--2200181-u-4500</leader><controlfield tag="001">000054082</controlfield><controlfield tag="002">20161230</controlfield><controlfield tag="005">20161230201051</controlfield><controlfield tag="008">110802s1000------------r-----000-0-rus-d</controlfield><datafield ind1=" " ind2=" " tag="040"><subfield code="a">IFIN-HH</subfield></datafield><datafield ind1=" " ind2=" " tag="041"><subfield code="a">rus</subfield></datafield><datafield ind1=" " ind2=" " tag="080"><subfield code="a">537.222.22</subfield></datafield><datafield ind1="1" ind2=" " tag="110"><subfield code="a">Saratovskogo Universiteta</subfield></datafield><datafield ind1="1" ind2="0" tag="245"><subfield code="a">Fizika poluprovodnikov i poluprovodnikovaia elektronika</subfield><subfield code="b">Sborik statei</subfield></datafield><datafield ind1=" " ind2=" " tag="260"><subfield code="a">Saratov</subfield><subfield code="b">Saratovskogo Universiteta</subfield><subfield code="c">1968</subfield></datafield><datafield ind1=" " ind2=" " tag="300"><subfield code="a">185P</subfield></datafield><datafield ind1=" " ind2=" " tag="852"><subfield code="a">76138</subfield><subfield code="c">537.311.33</subfield></datafield><datafield ind1=" " ind2=" " tag="CAT"><subfield code="a">Sys</subfield><subfield code="c">20110802</subfield><subfield code="h">085609</subfield></datafield></record></collection>